<?xml version="1.0" encoding="UTF-8"?><collection xmlns="http://www.loc.gov/MARC21/slim"><record><leader>00360nam--2200121-i-4500</leader><controlfield tag="001">000037897</controlfield><controlfield tag="002">20161230</controlfield><controlfield tag="005">20161230201041</controlfield><controlfield tag="008">060222s1000------------r-----000-0-eng-d</controlfield><datafield ind1=" " ind2=" " tag="080"><subfield code="a">061.62(45):001.891:53</subfield></datafield><datafield ind1=" " ind2=" " tag="245"><subfield code="a">Rapporto d`attivita scientifica: dal 1-1-1987 al 31-12-1987</subfield></datafield><datafield ind1=" " ind2=" " tag="260"><subfield code="a">/Roma/Instituto Nazionale Di Fisica Nucleare, 1987, X+644p</subfield></datafield><datafield ind1=" " ind2=" " tag="852"><subfield code="a">79318</subfield></datafield></record></collection>